<?xml version="1.0" encoding="UTF-8"?><collection xmlns="http://www.loc.gov/MARC21/slim"><record><leader>00488nam--2200181-i-4500</leader><controlfield tag="001">000040274</controlfield><controlfield tag="002">20161230</controlfield><controlfield tag="005">20161230201042</controlfield><controlfield tag="008">060222s1000------------r-----000-0-rum-d</controlfield><datafield ind1=" " ind2=" " tag="040"><subfield code="a">IFIN-HH</subfield></datafield><datafield ind1=" " ind2=" " tag="041"><subfield code="a">rum</subfield></datafield><datafield ind1=" " ind2=" " tag="080"><subfield code="a">539.16</subfield></datafield><datafield ind1="1" ind2=" " tag="100"><subfield code="a">Sanielevici, Alexandru S</subfield></datafield><datafield ind1="1" ind2="0" tag="245"><subfield code="a">Curs de radioactivitate</subfield><subfield code="b">Dactilografiat</subfield><subfield code="c">Alexandru sanielevici</subfield></datafield><datafield ind1=" " ind2=" " tag="260"><subfield code="a">Bucuresti</subfield><subfield code="b">Universitatea C.I.Parhon</subfield><subfield code="c">1950-1951</subfield></datafield><datafield ind1=" " ind2=" " tag="300"><subfield code="a">224 P</subfield></datafield><datafield ind1=" " ind2=" " tag="852"><subfield code="a">1140</subfield><subfield code="c">539.16</subfield></datafield><datafield ind1=" " ind2=" " tag="CAT"><subfield code="a">Sys</subfield><subfield code="c">20120514</subfield><subfield code="h">130431</subfield></datafield></record></collection>